2474 2796
1163 142 1498 185 ...10—

358 276 629 338 hibeatur?
685 274 917 337 Apparet
961 283 1095 323 certe
1141 276 1334 322 nullam
1373 290 1512 334 esse;
1561 275 1652 323 sed
1682 290 1873 324 nomen
1907 278 2038 326 illud
2073 278 2295 326 Saturno

344 346 720 404 ‘imposuerunt
758 342 1006 398 Romani,
1051 341 1189 402 quod
1234 341 1489 387 solemnia
1532 343 1641 388 eius
1686 344 1955 401 omnibus,
2004 346 2097 405 qui
2145 345 2298 390 liberi

360 423 468 456 non
504 414 692 463 essent,
718 405 983 452 'libertatis
1021 420 1171 452 usum
1204 404 1446 452 afferrent
1468 406 1536 467 4).
1605 405 1710 454 Nec
1751 409 1979 455 firmiora
2021 417 2140 456 sunt
2181 410 2300 458 reli-

363 487 464 535 qua
496 478 798 534 argumenta
831 471 1017 531 quibus
1050 471 1383 531 Mythologus
1417 470 1569 517 nobis
1600 474 1910 533 persuadere
1945 483 2157 520 conatur
2190 484 2299 520 tum

363 541 586 587 Graecos
619 535 807 592 Cron0,
837 543 958 594 tum
979 536 1139 583 Italos
1169 534 1391 583 Saturno
1428 539 1677 597 temporis
1710 541 1977 585 notionem
2007 539 2299 597 subiecisse,

368 605 598 651 maxime
630 602 915 663 praeteriti.
984 601 1215 647 Primum
1250 601 1554 661 Euripidem
1599 606 1885 650 antestatur
1917 606 1972 649 in
2005 603 2299 650 Heraclidis

360 684 409 716 v.
449 672 547 715 900
579 668 748 729 (895)
786 664 964 712 αι”ωνα
997 665 1252 712 dicentem
1289 664 1506 727 Κρόνου
1541 665 1740 725 παῖδας
1787 683 1888 730 quo
1920 669 2032 715 loco
2070 683 2175 715 non
2210 669 2300 715 du·

365 735 509 780 bium
542 740 620 778 est
655 733 780 792 quin
812 730 1018 791 χρόνου
1054 731 1437 777 rescribendum
1474 733 1555 787 sit,
1580 733 1730 793 ,quod
1762 733 2021 779 Victorius
2062 735 2298 794 praebet;

364 815 484 846 nam
515 806 573 844 ut
605 811 759 843 nemo
794 795 1006 856 negabit
1035 796 1141 843 iam
1171 804 1281 842 tum
1309 796 1400 842 illa
1429 804 1596 843 aetate
1624 798 1861 844 homines
1892 799 2121 845 acutulos
2142 798 2299 845 Croni

364 878 556 912 nomen
600 861 666 908 ad
696 858 903 924 χρόνον
939 875 1234 918 revocasse,
1271 869 1446 907 tamen
1491 862 1616 908 haec
1654 864 1907 924 sapientia
1937 862 2180 921 ¹nondum
2224 865 2299 910 ita

363 929 669 992 pervulgata
702 934 828 983 erat,
864 934 921 972 ut
955 934 1118 987 poeta
1146 925 1374 972 scenicus
1418 929 1474 973 in
1507 929 1884 988 praetereundo
1930 943 2024 990 pro
2068 943 2127 973 eo
2160 929 2299 990 qnod

367 1004 446 1042 est
479 991 679 1057 χρόνος
713 992 1023 1039 substituere
1050 999 1230 1055 posset
1263 989 1490 1052 Κρόνος,
1528 994 1673 1054 quasi
1708 1001 1981 1055 utrumque
2019 993 2154 1055 apud
2190 1008 2298 1041 om-

364 1075 457 1108 nes
492 1060 693 1106 valeret
722 1058 879 1104 idem.
932 1057 1031 1118 Illa
1065 1072 1189 1103 vero
1224 1057 1374 1102 lectio
1412 1057 1742 1105 confirmatur
1776 1061 1995 1105 aliorum
2026 1068 2296 1119 poetarum

363 1141 483 1182 usu,
528 1122 617 1186 qui
659 1122 748 1169 ubi
786 1120 1009 1183 tempori
1047 1120 1376 1168 divinitatem
1426 1121 1576 1180 dant,
1622 1137 1726 1169 non
1761 1122 1981 1187 Κρόνον
2023 1124 2297 1175 nominant

368 1191 460 1238 sed
493 1187 713 1251 χρόνον,
747 1189 975 1248 primum
1006 1186 1263 1233 Pindarus
1298 1187 1374 1233 Ol.
1412 1187 1477 1233 ΙΙ.
1516 1191 1594 1234 31.
1632 1188 1827 1249 χρόνος
1863 1190 1893 1235 ὁ
1928 1186 2169 1236 πάντων
2196 1207 2297 1236 πα-

361 1256 457 1317 τήρ
511 1263 562 1300 et
606 1255 663 1299 in
711 1253 916 1313 Fragm.
968 1250 1253 1298 CXXXIII.
1307 1250 1442 1311 ἄναξ
1492 1256 1602 1299 ταῖν
1658 1252 1878 1300 πάντων
1939 1252 2297 1315 ὑπερβάλλων,

361 1321 557 1386 χρόνος
587 1318 867 1383 μακάρων,
906 1316 1396 1381 deindePSophocles
1419 1317 1497 1364 El.
1532 1320 1646 1365 179.
1676 1317 1872 1382 χρόνος
1896 1318 2128 1382 εὐμαρὴς
2150 1319 2293 1377 θεός,

374 1573 378 1576 γ
414 1588 456 1641 4)
496 1587 566 1629 De
602 1584 732 1627 feriis
772 1584 1008 1627 servilibus
1045 1581 1337 1627 Buttmannus
1377 1578 1473 1626 sola
1500 1580 1818 1630 Thessalorum
1855 1582 2033 1628 Peloria
2061 1595 2289 1638 memorat,

496 1650 607 1694 quae
626 1648 730 1680 sunt
746 1639 940 1681 omnium
968 1641 1249 1687 notissimae3
1289 1638 1365 1680 sed
1386 1648 1512 1681 erant
1540 1639 1702 1691 plures·
1758 1640 2014 1683 Athenaeus
2034 1639 2094 1682 X.
2123 1643 2217 1683 437.
2239 1642 2289 1682 E.

497 1695 766 1750 Dionysium
793 1690 1106 1735 Heracleotam
1136 1699 1288 1744 narrat
1315 1691 1638 1745 σιννεορτάζειν
1668 1697 1767 1741 τοῖς
1798 1693 1998 1741 οἰκέταις
2026 1693 2074 1734 ἐν
2102 1695 2162 1746 τῇ
2198 1695 2290 1734 τῶν

494 1748 622 1801 χοῶν
650 1746 807 1800 ἑορτῇ.
872 1747 1136 1788 Plutarchus
1164 1748 1211 1787 in
1231 1745 1393 1787 Parall.
1426 1755 1461 1786 c.
1491 1736 1647 1788 XXX..
1675 1746 1771 1789 429.
1794 1744 1849 1788 Τ.
1869 1739 1993 1789 vm.
2025 1747 2291 1801 Smyrnaeus

496 1800 605 1842 dicit
639 1809 803 1841 servae·
834 1802 1059 1842 cuiusdam
1098 1799 1282 1841 salutari
1311 1800 1500 1840 consilio
1526 1800 1739 1841 liberatos
1778 1800 2011 1841 obsidione
2040 1799 2292 1842 instituisse

494 1852 777 1905 Ἐλευθέρια
798 1851 905 1906 ἕορτ
926 1854 962 1894 ’ν
982 1847 1084 1907 ,ἕνῇ
1104 1851 1157 1895 αἱ
1177 1853 1343 1894 δοῦλαι
1365 1852 1447 1892 τόν
1467 1851 1640 1905 κόσμον
1661 1855 1753 1906 τῶν
1785 1851 2058 1905 ἐλευθέρων
2117 1854 2140 1893 ε’
2171 1865 2292 1901 evoe,

498 1907 614 1959 quod
631 1900 887 1948 Larcherus
906 1921 953 1948 ln
971 1900 1090 1963 bello
1116 1901 1325 1947 adversus
1349 1904 1503 1961 Gygen
1528 1915 1653 1961 gesto
1676 1916 1875 1959 coeptum
1894 1915 2019 1959 putat
2047 1867 2290 1947 alliga-011.

493 1961 549 2002 L·.
583 1960 619 2001 1.
650 1968 740 2001 not.
771 1965 810 2001 1.-
839 1976 880 2013 p.-
910 1964 1004 2003 201.
1034 1958 1104 2002 De
1135 1958 1328 2003 Clarotis
1358 1955 1547 2001 Creticis
1571 1960 1774 2013 Ephorus
1802 1959 1965 2002 Athen.
1993 1958 2086 2004 VI·>
2107 1962 2203 2001 263.
2228 1959 2290 2009 ‚E.

495 2012 679 2060 ’τούτοις
708 2013 798 2053 εἶσὶ
826 2012 1150 2067 νενομισμέναι
1181 2012 1299 2060 τινὲς
1318 2007 1481 2064 ἑορταὶ
1501 2011 1547 2052 ἐν
1572 2012 1810 2063 Κυδωνίᾳ,
1832 2011 1877 2052 ἓν
1899 2008 1974 2058 αἳς
1994 2009 2077 2050 οὐκ
2099 2011 2291 2057 εἷςΐασιν

496 2065 561 2112 εἷς
591 2063 672 2118 τὴν
690 2064 838 2105 πόλιν
870 2065 1113 2118 ἐλεύθεροι
1133 2063 1225 2107 ἀλλ’
1250 2062 1300 2106 οἱ
1319 2063 1483 2106 δοῦλοι
1502 2063 1690 2106 πάντων
1718 2064 1945 2118 κρατοῦσι
1974 2073 2057 2105 etc.
2077 2060 2290 2106 Proculus

495 2120 551 2159 ad
570 2117 756 2159 Hesiod.
777 2117 891 2171 Opp.
909 2133 951 2160 v.
971 2118 1066 2160 366.
1086 2118 1134 2159 ἐν
1154 2123 1253 2166 τοῖς
1277 2117 1552 2171 Πιθοιγιόις
1573 2117 1681 2159 οὔτε
1701 2117 1880 2170 aingem
1911 2115 2019 2158 οὔτε
2045 2117 2289 2169 μισθωτὸν

492 2171 664 2224 εἴργειν
685 2175 764 2226 τῆς
785 2170 1091 2218 ἀπολαύσεως
1117 2172 1200 2212 τοῦ
1232 2168 1364 2220 οἴνου
1383 2165 1452 2225 ἦν.
1483 2185 1624 2225 eoque
1651 2179 1822 2224 spectat
1848 2171 1982 2212 etiam
2010 2178 2160 2213 notum
2188 2186 2288 2225 pro,-

492 2222 715 2268 verbium:
783 2224 1004 2276 Θύραζε,,
1029 2222 1203 2277 Κᾶρες,
1245 2220 1389 2267 offane?
1440 2219 1772 2278 ’Λνθεστήριω
1846 2225 1965 2279 Ergo
2016 2238 2288 2278 nequaquam

480 2276 678 2321 ,concedi
706 2283 854 2332 potest
879 2277 1147 2321 Buttmanno
1176 2285 1216 2329 p.
1247 2275 1315 2318 53.
1346 2284 1404 2317 ex
1432 2286 1659 2328 servorum
1678 2275 1974 2323 Romanorum
2005 2275 2189 2320 ludicris
2210 2278 2288 2319 Sa-

491 2328 745 2374 turnaliciis
764 2334 1020 2373 necessaria
1040 2332 1387 2383 consequutione
1408 2326 1543 2382 effici,
1564 2339 1612 2371 ut
1631 2325 1818 2373 Romani
1838 2332 2075 2374 Saturnum
2105 2333 2287 2384 perinde

490 2397 539 2427 ut
560 2387 754 2432 Cronum
785 2387 946 2428 Graeci
973 2398 1110 2426 aureo
1138 2384 1288 2425 seculo
1316 2385 1564 2436 praefuisse
1592 2386 1882 2438 crediderint,
1921 2388 2046 2428 cuius
2084 2386 2287 2427 notitiam

488 2450 648 2493 poetae
667 2453 826 2496 graece
846 2441 965 2482 docti
985 2438 1238 2495 divulgasse
1257 2438 1476 2481 videntur.
