2440 2779
988 107 1322 151 ...5.-

207 241 356 300 Quod
389 254 456 289 ne
488 240 599 306 quis
632 240 850 290 Arnobii
886 241 1186 288 auctoritate
1216 239 1430 301 infringi
1463 247 1630 302 putet,
1675 240 1790 300 ipsa
1820 239 1928 283 eius
1959 237 2119 282 verba

205 309 466 370 proferam
501 310 567 355 ΙΙ.
602 325 640 355 c.
678 312 753 355 71.
791 312 902 370 quis
938 306 1115 353 Iovem
1147 323 1259 365 cum
1278 307 1550 369 fratribus
1580 305 1796 365 genuit?
1865 302 2123 348 Genitali-,

125 370 129 372 ’
206 374 306 420 bus,
343 372 464 436 Opis
503 374 778 421 adiunctus
819 372 1105 428 Saturnus&
1128 378 1190 418 ut
1223 388 1314 420 vos
1336 373 1519 433 fertis,
1552 371 1702 416 Coelo
1736 376 1894 432 atque
1917 366 2118 413 Hecate

196 447 529 501 procreatus.
556 463 562 469 ·
597 438 659 484 Id
694 438 848 492 enim,
882 444 940 482 ut
968 437 1211 497 pleraque
1242 437 1384 493 talia.
1419 452 1446 481 e
1473 435 1892 494 mythologorum
1934 432 2120 477 scholis

203 504 524 564 profluxisse,
556 518 662 550 non
697 517 762 549 ex
785 501 1096 563 perennibus
1121 503 1384 563 popularis
1411 501 1699 561 theologiae
1734 497 1982 553 fontibus,
2011 495 2117 543 He-

207 575 348 620 catae·
372 565 597 622 silentio·
627 568 959 613 manifestum
996 567 1146 623 facit,
1190 566 1502 612 cuius-deae
1537 567 1726 610 cultum
1763 579 1793 618 a
1828 563 1983 608 sacris
2018 562 2117 606 Ro-

204 632 473 691 manorum
510 632 763 688 abfuisse,
804 632 1106 691 intelligitur
1148 647 1176 676 e
1211 630 1469 678 Ciceronis
1501 630 1680 677 verbis
1707 627 1822 676 Nat.
1856 628 2015 677 Deor.
2048 622 2114 682 ΙΙ,

208 700 286 744 18;
315 698 565 761 quomodo
599 705 773 744 autem
792 703 966 759 potest,
1001 701 1049 743 si
1074 696 1332 743 Latonam
1363 698 1511 744 deam
1533 702 1715 758 putas,
1745 693 1983 742 Hecaten
2015 707 2118 737 non

191 770 418 824 putare,
474 778 604 827 quae
661 770 833 807 matre
890 760 1101 807 Asteria
1160 769 1264 818 est,
1326 776 1504 807 sorore
1563 760 1772 806 Latona
1780 776 1803 815 ;
1864 774 1933 804 an
1988 757 2116 802 haec

204 843 403 891 quoque.
433 827 532 873 dea
563 826 676 873 est?
705 826 932 880 videmus
965 829 1098 872 enim
1131 829 1238 872 eius
1272 842 1397 873 aras
1433 825 1744 888 delubraque
1779 828 1832 888 ijn
1876 824 2112 881 Graecia.

201 893 337 952 Ergo
371 905 478 937 non
512 891 645 943 vidit
674 891 732 936 in
766 891 942 947 Italia3
997 905 1163 951 neque
1203 892 1355 951 vulgo
1388 891 1737 946 Romanorum
1779 897 1959 936 notum
1995 888 2111 943 fuit,

205 956 344 1018 quod
377 955 636 1002 Arnobius
672 970 701 1002 a
738 954 1050 1013 doctioribus
1085 956 1278 1017 accepit
1309 956 1368 1002 L.
1402 955 1496 1003 ΙΙΙ.
1533 971 1571 1002 c.
1608 958 1685 1001 29.
1725 952 1923 1010 Ianum,
1969 968 2117 1017 quem

189 1023 385 1084 serunt
422 1021 579 1081 ..Coelo
610 1029 767 1084 atque
806 1020 1006 1074 Hecate
1028 1029 1371 1084 procreatum
1404 1029 1500 1068 etc.
1568 1020 1823 1081 Denique,
1858 1033 2011 1080 quum
2051 1017 2114 1063 de

204 1085 360 1133 Caelo
403 1087 532 1132 nihil
571 1087 790 1147 amplius
832 1087 1112 1133 memoriae
1154 1087 1415 1148 proditum
1451 1087 1551 1142 sit„
1575 1085 1677 1131 nisi
1705 1100 1736 1132 a
1772 1084 1990 1131 Saturno
2028 1082 2114 1129 de·

201 1153 405 1212 pulsum
452 1166 587 1207 esse,
631 1152 686 1197 id
730 1166 932 1212 quoque
971 1166 1015 1198 a·
1043 1152 1287 1199 Romanis
1326 1151 1463 1198 credi
1497 1159 1650 1211 negat
1688 1151 1973 1210 Dionysius
2007 1148 2115 1195 An-

200 1217 326 1277 tiqq.
370 1216 435 1262 11.
480 1232 518 1262 c.
562 1218 639 1262 19.
685 1215 807 1262 οὔτε
860 1215 1101 1278 Οὐρανὸς
1148 1215 1530 1277 ἐκτεμνόμενος
1581 1214 1684 1275 ὑπὸ
1752 1219 1862 1262 τῶν
1917 1214 2114 1261 ἑαυτοῦ

203 1279 419 1333 παίδων
449 1279 591 1343 παρὰ
628 1279 900 1341 Ρωμαίοις
933 1280 1139 1344 λέγεται
1173 1280 1295 1327 οὔτε
1329 1279 1539 1342 Κρόνος
1561 1278 1845 1342 ἀφανίζων
1865 1278 1959 1330 τὰς
1992 1278 2115 1323 ἑαυ-

186 1350 299 1392 τοῦ
332 1345 518 1408 γονάς·
567 1345 750 1405 quibus
793 1360 899 1391 non
932 1346 1260 1393 mediocriter
1299 1346 1639 1392 labefactatur
1671 1345 1973 1393 Buttmanni
2005 1344 2115 1404 opi-

201 1411 290 1456 nio
327 1425 391 1456 ex
424 1409 824 1470 Allegoricorum
860 1412 1119 1457 senticetis
1153 1411 1400 1472 profecta,
1433 1410 1708 1457 Saturnum
1741 1410 2013 1470 temporis,
2057 1416 2115 1453 ut

200 1490 336 1522 nunc
368 1477 660 1535 loquuntur,
694 1476 983 1534 symbolum
1015 1490 1126 1533 esse
1156 1490 1263 1522 non
1304 1477 1470 1522 solum
1513 1475 1776 1523 doctormn
1810 1476 2114 1535 interpreta-

201 1541 343 1586 tione
379 1539 468 1586 sed
502 1541 655 1586 etiam
688 1541 868 1602 populi
897 1555 1172 1598 consensu,
1219 1539 1439 1602 ideoque
1479 1541 1624 1587 illum
1672 1539 1809 1587 credi
1846 1541 1979 1586 filios
2026 1538 2112 1584 de-

199 1619 434 1661 vorasse,
472 1605 609 1666 quod
640 1613 841 1667 tempus
879 1614 1082 1662 cuncta,
1119 1621 1249 1667 quae
1279 1614 1403 1652 nata
1436 1615 1578 1663 sunt,
1616 1606 1867 1661 absumat,
1898 1605 2022 1658 sive,
2056 1612 2113 1649 ut

198 1685 406 1730 graecus
430 1678 586 1732 poeta
613 1669 750 1731 dicit,
780 1667 904 1733 φύει
935 1669 973 1718 τ’
1013 1669 1184 1732 ἄδηλα
1219 1667 1309 1719 καὶ
1336 1669 1890 1733 φανένταγκρύπτεται
1924 1683 1972 1716 V.
2000 1668 2114 1728 My-

196 1735 434 1795 thologus
462 1735 518 1782 T.
553 1735 619 1781 ΙΙ.
654 1750 702 1797 p.
740 1738 817 1782 34.
876 1735 932 1782 Si
968 1750 1090 1782 vero
1125 1737 1225 1783 ista
1260 1736 1560 1783 crudissima
1592 1737 1769 1783 fabula
1803 1750 1834 1781 a
1867 1735 2112 1782 Romanis

200 1801 410 1846 omnino
444 1799 647 1861 publice
679 1808 884 1862 recepta
917 1815 1022 1848 non
1059 1810 1160 1858 est,
1188 1802 1455 1863 'quomodo
1494 1802 1593 1848 dici
1626 1809 1822 1863 potest,
1853 1801 2110 1847 Romanos

198 1865 407 1912 Saturni
449 1866 660 1911 nomine
701 1867 809 1912 vim
862 1868 1108 1927 temporis
1158 1867 1559 1927 assignificasse?
1622 1866 1813 1914 Verum
1863 1864 1926 1911 de
1970 1865 2112 1912 Butt-

196 1931 376 1977 manni
410 1931 664 1975 sententia
694 1931 867 1990 paullo
901 1945 1024 1977 mox
1057 1931 1248 1988 dicam,
1285 1933 1328 1977 si
1363 1932 1426 1977 de
1455 1932 1661 1977 Polluce
1691 1932 1939 1976 nonnulla
1968 1930 2113 1976 addi·

199 1996 336 2042 dero.
406 1995 488 2041 Sic
520 1997 657 2041 enim
684 1993 892 2041 Saturni
918 1998 1202 2056 genitorem
1228 1998 1554 2046 nominatum
1582 2013 1693 2043 esse
1720 1996 1908 2052 ferunt,
1941 2012 1971 2041 a
2000 1995 2110 2055 pol-

196 2059 612 2123 lendo-quidem,
651 2066 708 2106 ut
739 2059 1040 2122 Fulgentius
1073 2060 1428 2122 tradit·Myth.
1463 2064 1495 2108 l.
1532 2078 1570 2108 c.
1612 2068 1656 2108 2.
1693 2070 1744 2108 et
1766 2061 1963 2108 Auctor
1992 2061 2112 2122 Epi·

195 2126 492 2183 grammatis
531 2125 595 2170 de
635 2126 855 2184 planetis
910 2133 961 2171 et
1005 2141 1180 2173 eorum
1225 2128 1423 2174 circulis
1466 2128 1674 2175 Anthol.
1717 2126 1864 2179 L.‚v.
1901 2126 1992 2185 Ep.
2028 2129 2109 2170 45.

200 2188 428 2236 Pollucis
449 2190 632 2250 proles
661 2198 746 2237 ter
779 2192 921 2239 denis
955 2191 1187 2240 voloitur
1220 2196 1402 2249 amns,-
1456 2200 1604 2255 quem
1652 2192 1696 2239 si
1727 2190 1996 2238 Valentem
2031 2190 2110 2235 in-

193 2261 534 2316 terpretamur
567 2253 690 2314 (Cic.
725 2254 785 2301 N.
813 2256 877 2302 D.
903 2255 1000 2302 111.
1030 2258 1130 2319 22.)
1160 2257 1316 2303 habet
1344 2272 1466 2303 sane
1494 2259 1717 2316 aliquam
1744 2271 1853 2301 cum
1882 2255 2111 2301 Acmone

195 2318 611 2377 similitudinem,
649 2335 749 2381 quo
784 2322 994 2372 nomine
1026 2321 1241 2369 Alcman
1272 2322 1475 2384 Fragm.
1514 2321 1692 2369 CXIX.
1727 2322 1921 2368 coelum
1966 2320 2111 2367 inde-

193 2386 331 2432 fesso
365 2384 668 2431 circumactu
706 2388 880 2437 omnia
923 2387 1138 2433 volvens
1181 2384 1507 2448 significavit,
1553 2388 1784 2434 Tzetzes·
1810 2396 1979 2433 autem
2019 2386 2111 2432 So-
