2440 2779
986 67 1316 112 ...7.-

183 202 456 268 ipsumque
479 205 708 250 mensem
731 197 1264 259 Hecatombaeonem,
1288 201 1439 250 cuius‘
1453 196 1535 249 die
1552 195 1670 249 XII.
1705 193 1961 248 celebrata
1992 206 2111 244 sunt

187 269 377 318 Cronia
385 280 434 316 v.
447 269 595 316 Dem.
621 284 659 314 c.
672 268 801 315 Tim.
811 282 860 329 p.
885 270 993 313 708.
1006 268 1287 331 antiquitus
1304 282 1495 314 nomen
1507 266 1684 315 Cronii
1700 258 1941 313 habuisse
1951 271 2109 310 testa-

175 342 270 381 ·tur
286 334 585 381 Plutarchus
603 332 665 378 V.
684 328 903 378 Thes.·c.
925 329 1043 378 x11.
1064 332 1146 378 De
1176 332 1257 378 his
1292 332 1607 379 solemnibus
1638 332 1869 392 loquitur
1885 328 2109 376 Machon

173 397 370 445 Athen.
396 398 542 446 XIII.
563 399 674 444 381.
700 395 761 442 Α.
799 392 1058 456 Κρονίοις
1092 394 1362 444 α’πιοῦσαν
1397 393 1510 444 εἶδε
1542 395 1643 457 τὴν
1675 392 2018 444 Γναθαίνιον
2053 391 2108 447 ἐξ

187 461 551 525 Ἀφροδισίου
586 458 750 512 τινός.
817 458 922 506 Sed
953 459 1090 521 quod
1120 460 1428 508 recentiores
1464 459 1855 521 chronographi
1895 466 2110 505 narrant

188 528 326 589 apud
342 523 623 574 Meursium
652 524 715 570 de
745 524 887 571 Fort.
905 523 1089 572 Athen.
1126 542 1164 572 c.
1192 525 1285 573 III.
1318 538 1367 589 p.
1404 531 1483 572 20.
1513 534 1577 571 ex
1605 525 1832 587 quinque
1861 524 2105 584 antiquae

184 592 327 643 urbis
358 590 654 653 regionibus
682 594 835 636 unam
865 589 1085 652 Κρόνου
1115 589 1293 654 πάγον
1322 591 1708 640 denominatam
1743 589 1927 647 fuisse,
1959 587 2015 634 id
2048 595 2106 634 ut

187 656 366 705 auditu
399 666 505 705 non
540 654 816 703 absurdum
850 655 925 701 ita
956 655 1240 703 Aristarchi
1270 658 1437 713 istius,
1479 655 1706 702 hominis
1738 655 1920 716 ignoti,
1956 655 2105 703 ‘testi-

186 723 363 770 monio
408 719 546 768 haud
589 721 714 767 satis
755 720 1012 766 firmatum
1052 720 1336 783 eodemque
1375 723 1487 768 loco
1533 719 1828 767 habendum
1871 718 2103 775 videtur,

186 802 285 849 quo
317 785 409 834 illa
443 785 507 834 de
536 792 755 847 quatuor
783 782 973 846 phylis,
1012 796 1141 847 quae
1176 787 1268 834 sub
1303 785 1637 835 Erichthonio
1669 785 1831 833 fuisse
1863 783 2103 831 dicuntur

166 853 429 907 narratio,
462 850 625 906 Iovia,
659 847 938 906 Minervia‚
967 849 1227 912 Neptunia
1272 861 1324 897 et
1355 851 1605 899 Vulcania
1647 850 1775 897 Poll.
1808 849 1951 897 VIII.
1988 852 2100 897 109.

183 913 303 963 Sed-
331 916 483 976 longe
525 914 824 961 notissimus
871 922 950 960 est
990 929 1139 962 mons
1185 913 1454 963 Saturnius
1504 928 1667 977 prope
1711 915 2024 976 Olympiam,
2070 915 2100 962 ὁ

181 979 444 1043 Κρόνειος
489 978 598 1026 sive
640 977 703 1025 τὸ
736 977 1003 1039 Κρόνιον,
1047 982 1272 1041 primum
1303 995 1335 1027 a
1368 978 1592 1027 Pindaro
1626 986 1940 1027 memoratus
1973 979 2099 1027 locis

180 1045 431 1107 pluribus,
459 1051 567 1090 tum
604 1056 635 1088 a
667 1040 1012 1105 Xenophonte
1045 1044 1185 1091 Hell.
1220 1045 1335 1093 VII.
1369 1048 1418 1102 4,
1451 1048 1529 1099 14.
1566 1044 1754 1091 deinde
1787 1058 1818 1091 a
1840 1044 2098 1104 Dionysio

180 1110 330 1158 Arch.
349 1108 415 1157 ⁷1.
451 1112 542 1156 34..
563 1108 819 1156 Pausania
859 1107 948 1155 Vl.
988 1113 1066 1156 20.
1102 1109 1373 1157 Plutarcho
1411 1109 1475 1156 de
1507 1106 1674 1156 Flum.
1707 1108 1848 1157 xlx.
1881 1111 1995 1156 464.
2047 1118 2099 1156 et

177 1175 564 1238 posterioribus,
600 1186 702 1235 quo
735 1175 792 1220 in
818 1181 996 1220 monte
1025 1172 1079 1221 οἱ
1103 1175 1427 1237 καλούμενοι
1460 1174 1695 1222 Βασίλαι
1734 1179 1968 1236 tempore
2011 1189 2096 1221 ae·-

181 1240 429 1302 quiuoctii
455 1237 620 1285 verni
661 1250 804 1285 sacra
846 1236 1107 1286 faciebant
1143 1239 1294 1287 Paus.
1328 1242 1362 1287 1.
1405 1256 1444 1286 c.
1470 1247 1539 1285 -et
1565 1239 1680 1287 Elei
1723 1240 1870 1286 statis
1915 1238 2096 1287 diebus

179 1306 341 1353 festos
376 1301 702 1351 celebrabant
733 1309 1014 1350 conventus
1047 1304 1265 1365 Dionys.
1311 1306 1344 1351 l.
1389 1318 1430 1351 c.
1466 1302 1698 1351 Mentem
1736 1304 1928 1351 huncce
1969 1305 2094 1352 olim
2123 1309 2125 1311 ’

184 1370 464 1431 Olympum
497 1374 734 1414 vocatum
768 1379 880 1414 esse
908 1370 1081 1415 nescio
1117 1384 1218 1431 quo
1253 1378 1459 1417 auctore
1492 1367 1717 1416 affirmet
1746 1367 1996 1416 Cantems
2028 1369 2097 1417 ad

177 1435 297 1494 Lyc.
332 1447 380 1481 V.
413 1437 495 1481 42.
528 1432 630 1480 nisi
660 1432 797 1478 forte
828 1432 885 1480 in
916 1431 1146 1481 Scholiox
1184 1433 1403 1498 Κρόνου
1445 1431 1623 1495 ὄχθον
1651 1432 1751 1496 τὴν
1767 1433 2093 1496 Ὀλυμπίαν·

179 1503 394 1564 πρῶτον
434 1497 535 1563 γάρ
578 1495 811 1560 Κρόνιοε
865 1496 1029 1560 λόφος
1081 1498 1311 1565 ἐλέγετο,
1368 1499 1694 1549 scribendum
1745 1501 1949 1564 putavit
1995 1499 2095 1550 τόν

165 1563 466 1626 *Ol-vunon-
551 1563 783 1611 Mentem
814 1561 997 1630 ,Elidis
1058 1565 1360 1630 simpliciter
1419 1574 1710 1614 memorant
1770 1564 1984 1614 Pindari
2040 1575 2094 1613 et

176 1629 442 1691 Apollonii
481 1628 789 1692 interpretes
838 1631 1029 1689 graeci,
1072 1643 1235 1692 eoque
1278 1633 1490 1680 nomine
1522 1632 1765 1678 verticem
1802 1628 1981 1679 Cronii
2012 1632 2093 1680 in-

166 1696 419 1755 signitum
445 1691 625 1741 >fuisse
669 1694 953 1756 suspicatur
990 1694 1208 1742 Vossius
1249 1697 1413 1759 Epist.
1457 1695 1622 1755 Myth.
1665 1696 1722 1743 T.
1769 1695 1874 1743 111.
1913 1711 1964 1759 p.
2009 1700 2089 1745 26.

174 1759 344 1818 Etym.
374 1757 444 1807 M.
477 1772 527 1820 p.
561 1761 674 1806 426.
709 1761 789 1806 16.
824 1758 925 1820 πρὸ
962 1763 1061 1807 τοῦ
1082 1759 1477 1822 διακτήσαςθαι
1506 1759 1626 1820 (τὸν
1646 1759 1753 1809 Δία
1771 1759 2089 1824 κτήσασθαι)

174 1823 273 1886 τήν
305 1821 610 1886 Ὀλυμπίαν
642 1823 783 1886 παρὰ
818 1829 909 1885 τῆς
938 1824 1040 1885 Γῆς
1075 1824 1245 1887 αὐτήν
1265 1823 1665 1890 παρειλήφεσαν
1683 1821 1876 1881 “Hastis
1907 1843 1967 1874 τε
1984 1828 2091 1877 ’καὶ

173 1888 407 1950 Κρόνος·
463 1887 748 1953 γνώρισμα
794 1887 855 1936 δὲ
887 1889 987 1937 τοῦ
1012 1889 1276 1952 κτήματος
1307 1889 1489 1943 κοινός
1518 1889 1633 1937 ἔστι
1659 1890 1848 1951 βωμός
1879 1891 2091 1955 ἀμφοῖν

176 1952 367 2004 αὐτοῖν
402 1952 460 2002 ἔν
492 1951 760 2016 Ὀλυμπίᾳ
773 1967 794 2020 ⁶·
825 1952 1104 2015 σύμβολον
1139 1953 1200 2003 δὲ
1229 1953 1319 2003 καὶ
1349 1955 1501 2003 τόδε·
1533 1958 1634 2002 τοῦ
1658 1955 1762 2017 μέν
1796 1956 1825 2006 ὁ
1854 1959 2091 2021 Κρόνιος

174 2019 339 2082 λόφος
379 2018 719 2081 καλούμενος,
765 2022 866 2067 τοῦ
909 2017 971 2067 δὲ
1013 2021 1056 2091 ἢῆ
1091 2022 1225 2074 Hice
1259 2037 1422 2087 μεχρι
1467 2023 1572 2071 νῦν
1616 2022 1769 2071 θεοῦ.
1834 2023 1950 2075 Elei
1987 2027 2090 2090 ipsi

173 2153 721 2178 w

305 2247 402 2304 vili,
429 2262 509 2304 pro
538 2248 691 2293 κλῶνα
722 2246 838 2304 πρὸς
868 2247 1036 2296 κλάδον
1057 2263 1201 2300 autem
1221 2252 1493 2309 προςλαβιόν
1521 2263 1612 2303 tum
1640 2254 1670 2301 ἃ
1693 2257 1860 2313 φοῖβος
1875 2253 1929 2301 οὗ
1951 2268 2089 2312 noega

308 2310 407 2369 εῐῖο
426 2303 497 2346 vel
518 2300 732 2370 προςεῖδε
750 2316 830 2360 pro
853 2304 877 2348 ὅ
901 2311 1066 2358 φοῖβος
1088 2311 1142 2350 οὐ
1158 2309 1392 2362 προςωδοὶ,
1415 2319 1458 2353 et
1476 2312 1524 2353 in
1543 2322 1763 2367 postremo
1776 2314 1986 2365 ἐξέκλεισε
2004 2327 2085 2369 pro

303 2353 509 2408 ἓξεκλαξε
530 2355 644 2414 quod
663 2357 1033 2414 wyttenbachius
1052 2359 1100 2405 in
1121 2361 1333 2418 ἐξέκλῃσε
1352 2365 1550 2409 mutavit.
