2474 2780
1103 149 1435 193 ...4-

309 288 435 334 clem
478 295 652 333 autem
690 282 813 331 Oed.
861 281 969 331 Col.
1015 286 1158 330 1655.
1195 281 1422 344 Oedipus
1464 282 1664 343 signum
1708 281 1957 332 divinitus
2001 284 2231 332 oblatum

307 359 583 398 veneratur
609 354 712 414 γῆν
727 365 784 396 τε
801 353 1113 411 προςκυνῶν
1150 344 1260 408 ἅμα
1280 346 1370 394 καὶ
1395 344 1493 393 τὸν
1520 346 1978 409 θεῶνὈλυμπον.
2023 350 2228 396 Deinde

310 416 449 477 quod
491 416 788 461 Athenaeus
831 422 1009 460 narrat
1048 414 1101 459 1..
1143 413 1203 458 V.
1248 429 1286 457 c.
1332 417 1375 457 5.
1419 413 1474 457 in
1519 428 1710 473 pompa
1752 413 1815 458 ab
1859 413 2114 460 Antiocho
2155 417 2234 460 in—

312 488 503 528 structa
531 478 896 527 circumductas
925 493 1037 525 esse
1071 484 1265 524 statuas
1286 474 1444 533 Caeli,
1479 476 1713 534 Telluris,
1745 475 1936 535 Noctis,
1954 477 2091 535 Diei,
2126 478 2234 525 Me·

309 546 462 590 ridiei
510 553 661 604 atque
697 543 953 598 Aurorae,
999 543 1055 587 id
1098 550 1243 602 patet
1274 541 1437 600 magis
1472 542 1539 586 ad
1575 542 1967 588 oblectationem
2003 551 2235 602 spectan-

308 611 439 656 tium
475 610 600 656 scite
634 608 921 664 inventum,
961 619 1113 668 quam
1150 621 1180 652 a
1216 605 1426 652 deorum
1460 606 1678 653 istorum
1714 607 1851 653 cultu
1885 606 2089 668 publico
2117 621 2234 669 pro-

308 674 498 720 fectum
539 688 664 719 esse.
717 672 896 718 Paullo
918 672 1122 731 gravius
1163 678 1239 716 est
1258 670 1843 718 Proculitestimonium
1868 672 2232 733 (Aglaopham.

310 740 366 784 T.
405 741 448 783 1.
482 754 530 798 p.
569 736 1074 797 503.)Athenienses
1112 743 1387 794 antequam
1423 735 1807 781 matrimonium
1844 737 2051 792 inirent,
2077 736 2233 783 Caelo

323 811 374 847 et
408 802 601 848 Telluri
634 809 880 860 tanquam
927 797 1284 844 communibus
1309 800 1536 843 omnium
1566 799 1904 844 animantium
1935 801 2233 860 parentibus

310 867 518 927 (Porph.
538 865 785 912 Abst.IlI.
810 865 1036 926 15,135.)
1073 864 1242 910 facere
1277 863 1457 909 solitos
1486 877 1613 920 esse,
1649 864 1740 911 sed
1775 872 1826 910 et
1858 864 1954 911 hoc
1987 866 2235 912 sacrificio

311 931 502 992 ambigi
535 937 707 992 potest
737 938 903 975 utrum
922 929 1188 990 popularis
1225 927 1349 972 deus
1366 929 1675 988 propitiatus
1706 929 1861 974 fuerit
1889 943 1955 974 an
1983 931 2232 977 naturalis

309 998 398 1043 ille
443 1011 594 1056 quem
632 994 916 1041 Caelicolae
935 994 982 1055 ¹)
1016 993 1254 1039 venerari
1290 991 1469 1037 crediti
1503 1000 1647 1050 sunt,
1695 1008 1947 1056 quemque
1983 994 2232 1043 Pacuvius

312 1060 613 1122 Euripidem
659 1073 877 1120 sequens
914 1057 1173 1105 aetherem
1205 1057 1585 1116 interpretatur.

581 1134 673 1174 Hoc
701 1134 795 1173 vide
823 1135 975 1172 circum
1000 1144 1200 1183 supraque
1231 1131 1337 1180 quod
1365 1134 1577 1182 complexu
1604 1132 1790 1170 eontinet

582 1192 744 1238 terram,
775 1184 907 1220 nostri
934 1185 1089 1220 eaelum
1115 1187 1355 1227 memorant,
1388 1180 1503 1229 Grnji
1528 1180 1743 1230 perhibent
1768 1180 1931 1220 aethera

311 1261 420 1304 sive
455 1266 511 1302 ut
544 1258 742 1303 Ennius
778 1259 1005 1317 loquitur

580 1332 673 1372 Hoc
701 1333 871 1372 sublime
898 1332 1096 1378 candens,
1124 1343 1241 1380 quem
1264 1330 1461 1370 invocant
1487 1343 1624 1370 omnes
1652 1329 1790 1370 Iovem

308 1426 356 1457 v.
391 1409 695 1455 Valckenar.
735 1408 900 1453 Diatr.
933 1421 982 1468 p.
1014 1410 1094 1451 47.
1133 1414 1183 1452 et
1214 1407 1532 1468 Meinekium
1575 1406 1642 1452 ad
1676 1408 1890 1455 Philem.
1924 1407 2127 1469 Fragm.
2163 1408 2228 1456 11.

308 1492 357 1537 p.
397 1477 508 1521 391.
577 1472 756 1533 Neque
797 1471 932 1533 apud
967 1472 1225 1517 Romanos
1268 1473 1472 1533 publica
1504 1471 1646 1519 Caeli
1681 1487 1824 1529 sacra
1857 1473 2019 1520 fuisse
2048 1473 2229 1520 viden-

311 1549 406 1585 tur.
475 1537 710 1598 Namque
752 1536 1023 1597 Inscriptio
1069 1535 1332 1596 Sponiana
1360 1537 1571 1599 Miscell.
1615 1551 1665 1597 p.
1710 1539 1788 1594 91.
1831 1537 2058 1594 Fabrett.
2101 1537 2228 1585 Coll.

254 1605 260 1614 '
310 1605 445 1662 Traj.
482 1618 530 1663 p.
568 1605 680 1647 233.
725 1601 877 1646 Coelo
913 1610 1143 1656 aeterno,
1194 1600 1385 1647 Terrae
1421 1599 1608 1656 Matri,
1643 1600 1906 1649 Mercurio
1937 1599 2228 1650 Menestra-

310 1674 441 1724 tori,
486 1665 1071 1727 aliaeque>consi1nileS‚
1118 1679 1243 1726 quas
1288 1664 1541 1712 Marinius
1580 1665 1636 1712 in
1672 1665 1814 1714 Actis
1856 1666 2021 1715 Fratr.
2052 1667 2225 1715 Arval.

309 1736 364 1781 T.
404 1736 447 1779 l.
483 1747 532 1793 p.
566 1735 645 1777 23.
681 1732 793 1777 sine
824 1731 930 1776 ulla
961 1729 1158 1789 fraudis
1191 1731 1480 1791 suspicione
1510 1731 1744 1792 apponit,
1769 1734 1932 1793 magis
1958 1731 2226 1781 arbitrium

309 1797 657 1846 dedicantium
690 1811 843 1856 quam
876 1791 1151 1856 populares
1186 1795 1407 1842 honores
1453 1796 1728 1842 declarant.
1794 1792 1971 1859 Neque
2015 1798 2226 1846 obscure

308 1862 655 1914 Tertullianus
699 1861 839 1907 illius
881 1860 965 1923 dei
1006 1860 1307 1919 religionem
1350 1861 1598 1908 Romanis
1639 1861 1857 1923 denegat
1899 1862 2048 1925 Apol.
2095 1880 2133 1911 c.
2161 1863 2226 1913 Χ.
2264 1900 2267 1903 ,

306 1945 354 1991 p.
378 1922 503 1972 ‘111.
540 1927 623 1987 (p.
662 1928 738 1970 12.
775 1925 862 1987 B.)
906 1934 1031 1982 aute
1081 1927 1369 1972 Saturnum
1413 1929 1538 1973 deus
1563 1943 1722 1989 penes
1755 1944 1846 1975 vos
1877 1944 2021 1974 nemo
2054 1937 2134 1975 est
2160 1930 2225 1989 ²).

359 2108 401 2156 1)
416 2104 525 2144 vid.
542 2099 725 2154 Lipsius
746 2103 799 2141 ad
820 2102 963 2143 Tacit.
983 2101 1101 2143 Hist.
1121 2102 1183 2146 V.
1199 2108 1238 2146 5.

357 2161 401 2213 2)
422 2157 674 2199 Memor-atu
711 2154 844 2208 digna
882 2163 983 2205 sunt
1012 2168 1128 2206 quae
1165 2166 1419 2210 sequuntur.
1480 2156 1647 2209 Itaque
1690 2168 1829 2211 neque
1869 2156 2109 2199 Diodorus.
2143 2165 2225 2200 aut

452 2210 644 2251 Thallus-¹
658 2222 797 2261 neque
824 2206 1013 2250 casnm.
1040 2209 1231 2252 Severus.
1258 2218 1340 2252 aut
1370 2211 1602 2252 Cornelius
1634 2208 1780 2263 lVepos
1807 2225 1943 2265 neque
1969 2211 2087 2254 ullus
2116 2226 2224 2255 com-

438 2269 664 2305 mentator
683 2263 896 2307 eiusmodi
911 2262 1232 2315 antiquitatum
1254 2265 1384 2306 aliud
1399 2265 1640 2317 quidquam
1654 2277 1785 2318 quam
1799 2265 2003 2314 hommem
2024 2268 2224 2319 promul-

438 2323 626 2373 garunt.
692 2315 921 2357 Saturnus
950 2321 1060 2368 post
1087 2317 1250 2358 multas
1279 2317 1607 2371 expeditiones,
1635 2323 1827 2375 postque
1854 2319 2000 2360 attica
2028 2320 2222 2374 hospitia

439 2372 636 2411 consedit
660 2370 721 2421 (in
752 2368 899 2421 Italia)
924 2377 1138 2425 exceptus
1168 2386 1195 2412 a
1220 2371 1359 2420 Iano;
1400 2371 1590 2411 maxime
1618 2374 1793 2425 propter
1812 2371 2046 2425 illa‚atti‘ca
2074 2373 2224 2426 hospi-

435 2426 497 2465 tia
517 2432 792 2476 parumnota
812 2421 960 2464 hodie.
1065 2434 1072 2440 ·
1946 2425 1949 2429 '
2008 2442 2011 2443 ⁷
