2440 2779
538 1008 540 1010 V
590 1046 732 1117 De
787 1039 1409 1116 Dodecatheo
1466 1043 1561 1116 P.
1609 1041 1702 1116 ll.

1594 1237 1628 1259 ἶ

180 1346 400 1451 Nuper
437 1401 589 1450 quum
624 1401 716 1453 per
755 1388 976 1448 speciem
1004 1387 1279 1451 praefandi
1307 1387 1370 1435 de
1405 1401 1617 1438 numero
1648 1387 1916 1436 duodecim
1950 1404 2098 1453 supe-

182 1457 376 1505 riorum
419 1453 630 1502 deorum
664 1460 1126 1502 commentaremur
1159 1468 1218 1501 ac
1253 1468 1421 1503 sermo
1451 1454 1555 1500 iam
1591 1452 1658 1501 ad
1693 1455 1919 1515 singulos
1955 1456 2095 1512 deos„

183 1521 271 1580 qui
306 1520 401 1565 hoc
431 1528 645 1567 numero
681 1518 1034 1579 comprehensi
1069 1526 1204 1575 sunt,
1239 1519 1597 1580 progressurus
1629 1527 1779 1575 esset,
1814 1521 1968 1580 spatii
2003 1521 2095 1568 no-

180 1583 260 1632 bis
295 1582 660 1644 circumscripti
695 1583 946 1644 angustiis
978 1583 1259 1640 interclusi,
1296 1582 1661 1644 disputationis
1705 1583 1849 1630 filum
1890 1585 2095 1647 abrupi-

181 1662 310 1695 mus.
378 1648 440 1694 Id
475 1662 611 1695 nunc
645 1646 766 1694 data
800 1647 1063 1694 occasione
1097 1645 1353 1694 redordiri
1380 1647 1523 1694 libet.
1589 1647 1633 1693 Ε
1665 1648 1976 1705 testimoniis
2008 1664 2095 1696 au-

178 1719 282 1760 tem
316 1712 458 1773 prius
493 1711 663 1759 allatis
704 1718 847 1776 patet
876 1711 993 1758 huic
1026 1712 1386 1772 augustissimo
1438 1710 1650 1758 deorum
1679 1713 1893 1758 concilio
1928 1727 2095 1775 neque

179 1772 388 1827 Caelum
431 1790 597 1837 neque
636 1774 803 1823 ullum
842 1790 907 1827 ex
953 1777 1062 1827 eius
1103 1777 1223 1822 filiis
1257 1776 1567 1836 adscriptum
1611 1777 1788 1831 fuisse,
1823 1792 1889 1823 ne
1921 1777 2093 1826 Satur-

178 1857 303 1891 num
336 1840 554 1905 ,quidem
597 1848 653 1887 ut
693 1849 820 1889 natu
852 1841 1124 1889 minimum
1157 1841 1231 1888 ita
1265 1840 1513 1902 dignitate
1547 1841 1726 1888 ceteris
1760 1843 2090 1904 superiorem.

177 1907 309 1955 Nam
343 1905 480 1969 quod
514 1905 781 1955 Homerus
818 1905 1016 1952 duobus
1060 1907 1185 1952 locis
1217 1905 1277 1951 11.
1310 1906 1420 1955 XV.
1455 1909 1532 1952 36.
1569 1905 1664 1952 Od.
1695 1905 1754 1951 V.
1792 1909 1902 1954 184.
1935 1908 2091 1956 Grae-

179 1988 263 2020 cos
299 1972 495 2021 coelum
527 1978 815 2031 terramque
847 1972 1076 2018 iurantes
1106 1968 1318 2027 inducit,
1353 1977 1552 2018 veteres
1583 1970 1847 2032 utriusque
1884 1973 1984 2021 loci
2012 1976 2090 2021 in-

177 2044 426 2102 terpretes
470 2036 608 2083 haud
652 2036 767 2083 falli
807 2035 1049 2084 videntur
1092 2049 1247 2097 quum
1283 2035 1538 2085 elementa
1570 2037 1743 2098 potius
1779 2050 1931 2098 quam
1967 2039 2091 2086 deos

177 2104 629 2162 intelligiyolunt,
663 2102 793 2148 sicut
822 2100 1067 2160 Virgilius
1101 2100 1230 2158 Aen.
1256 2100 1376 2154 XII.
1412 2104 1523 2148 197.
1559 2103 1777 2158 coelum,
1820 2119 1987 2160 mare,
2021 2109 2089 2151 si-

177 2169 306 2214 dera
348 2172 497 2222 iuro,·
549 2166 611 2214 cf.
655 2165 845 2230 Spanh.
893 2165 961 2214 ad
992 2166 1133 2215 Plut.
1170 2167 1281 2214 129.
1322 2166 1401 2213 cui
1452 2166 1635 2215 similis
1677 2165 1770 2213 illa
1811 2167 1947 2229 apud
1990 2163 2084 2217 Te·

173 2233 397 2282 rentium
443 2232 718 2285 obtestatio
752 2231 968 2293 Adelph.
1002 2231 1065 2279 V.
1102 2235 1147 2279 3.
1177 2234 1239 2280 4f
1265 2247 1295 2281 ο
1320 2232 1534 2291 coelum,
1571 2247 1601 2278 o
1636 2239 1802 2288 terra,
1853 2249 1884 2279 ο
1916 2241 2087 2282 maria

168 2297 412 2362 *Neptumss
479 2295 658 2346 Aesch.
694 2297 831 2345 Pers·
866 2298 978 2344 489.
1012 2295 1177 2349 θεοὺς
1210 2295 1274 2343 δέ
1302 2312 1384 2348 τις
1415 2311 1608 2359 ‘ronow
1639 2294 1882 2357 νομίζων
1925 2298 2086 2346 οὐδα-

170 2368 281 2425 μοῦ
312 2359 416 2410 τότ.)
452 2360 635 2422 εὔχετο
671 2363 736 2399 ’-
770 2364 936 2423 γαῖαν
969 2357 1207 2425 οὐρανόν
1234 2376 1293 2408 τε
1326 2363 1649 2423 προςκυνῶν.
1716 2360 1869 2423 Apud
1889 2360 2087 2426 Sopho-

305 2443 313 2445 <
1213 2428 1238 2472 l
1262 2428 1284 2452 ᾖ
